<record><leader>00000cas a22000007a 4500</leader><controlfield tag="001">14936002</controlfield><controlfield tag="007">hd afu---baca</controlfield><controlfield tag="008">861208c19859999miudr nea     0   a0eng d</controlfield><datafield ind1=" " ind2=" " tag="010"><subfield code="a">sn 87018885 </subfield></datafield><datafield ind1=" " ind2=" " tag="040"><subfield code="a">GUA</subfield><subfield code="b">eng</subfield><subfield code="c">GUA</subfield><subfield code="d">HUL</subfield><subfield code="d">OCL</subfield><subfield code="d">HUL</subfield><subfield code="d">NST</subfield><subfield code="d">FUG</subfield><subfield code="d">DLC</subfield><subfield code="d">OCLCQ</subfield><subfield code="d">CUI</subfield><subfield code="d">OCLCQ</subfield><subfield code="d">OCLCF</subfield><subfield code="d">OCLCO</subfield><subfield code="d">OCL</subfield></datafield><datafield ind1=" " ind2=" " tag="019"><subfield code="a">15155057</subfield></datafield><datafield ind1=" " ind2=" " tag="022"><subfield code="a">0882-0325</subfield><subfield code="l">0882-0325</subfield></datafield><datafield ind1="1" ind2=" " tag="041"><subfield code="a">eng</subfield><subfield code="h">rus</subfield></datafield><datafield ind1=" " ind2=" " tag="042"><subfield code="a">msc</subfield></datafield><datafield ind1=" " ind2=" " tag="043"><subfield code="a">e-ru---</subfield><subfield code="a">e-ur---</subfield></datafield><datafield ind1=" " ind2="4" tag="050"><subfield code="a">AN70.M6</subfield><subfield code="b">P713</subfield></datafield><datafield ind1="0" ind2=" " tag="130"><subfield code="a">Pravda (Moscow, Russia).</subfield><subfield code="l">English.</subfield></datafield><datafield ind1="0" ind2=" " tag="210"><subfield code="a">Pravda</subfield><subfield code="b">(Engl. ed.)</subfield></datafield><datafield ind1=" " ind2="0" tag="222"><subfield code="a">Pravda</subfield><subfield code="b">(English ed.)</subfield></datafield><datafield ind1="1" ind2="0" tag="245"><subfield code="a">Pravda</subfield><subfield code="h">[microform].</subfield></datafield><datafield ind1=" " ind2=" " tag="250"><subfield code="a">English ed.</subfield></datafield><datafield ind1=" " ind2=" " tag="260"><subfield code="a">St. Paul, MN :</subfield><subfield code="b">Associated Publishers</subfield></datafield><datafield ind1=" " ind2=" " tag="300"><subfield code="a">v. :</subfield><subfield code="b">ill. ;</subfield><subfield code="c">58 cm.</subfield></datafield><datafield ind1=" " ind2=" " tag="310"><subfield code="a">Daily</subfield></datafield><datafield ind1=" " ind2=" " tag="515"><subfield code="a">Issues also numbered within each year.</subfield></datafield><datafield ind1=" " ind2=" " tag="550"><subfield code="a">Organ of the Central Committee of the CPSU.</subfield></datafield><datafield ind1=" " ind2=" " tag="580"><subfield code="a">Indexed in: Pravda index.</subfield></datafield><datafield ind1=" " ind2=" " tag="580"><subfield code="a">Translation of: Pravda (Moscow, Russia).</subfield></datafield><datafield ind1=" " ind2=" " tag="588"><subfield code="a">Description based on: 24,623 (Jan. 1, 1986); title from caption.</subfield></datafield><datafield ind1=" " ind2=" " tag="533"><subfield code="a">Microfilm.</subfield><subfield code="b">Ann Arbor, Mich. :</subfield><subfield code="c">University Microflms International,</subfield><subfield code="d">1986-</subfield><subfield code="e">microfilm reels ; 35 mm.</subfield></datafield><datafield ind1=" " ind2="0" tag="650"><subfield code="a">Russian newspapers</subfield><subfield code="z">Russia (Federation)</subfield><subfield code="z">Moscow.</subfield></datafield><datafield ind1=" " ind2="0" tag="650"><subfield code="a">Soviet newspapers</subfield><subfield code="z">Russia (Federation)</subfield><subfield code="z">Moscow.</subfield></datafield><datafield ind1=" " ind2="0" tag="650"><subfield code="a">Communism</subfield><subfield code="z">Soviet Union</subfield><subfield code="y">20th century</subfield><subfield code="v">Newspapers.</subfield></datafield><datafield ind1=" " ind2="0" tag="651"><subfield code="a">Moscow (Russia)</subfield><subfield code="v">Newspapers.</subfield></datafield><datafield ind1=" " ind2="0" tag="651"><subfield code="a">Russia (Federation)</subfield><subfield code="x">Politics and government</subfield><subfield code="y">1991-</subfield><subfield code="v">Newspapers.</subfield></datafield><datafield ind1=" " ind2="0" tag="651"><subfield code="a">Soviet Union</subfield><subfield code="x">Politics and government</subfield><subfield code="y">20th century</subfield><subfield code="v">Newspapers.</subfield></datafield><datafield ind1=" " ind2="7" tag="650"><subfield code="a">Communism.</subfield><subfield code="2">fast</subfield><subfield code="0">(OCoLC)fst00870421</subfield></datafield><datafield ind1=" " ind2="7" tag="650"><subfield code="a">Politics and government</subfield><subfield code="2">fast</subfield><subfield code="0">(OCoLC)fst01919741</subfield></datafield><datafield ind1=" " ind2="7" tag="650"><subfield code="a">Russian newspapers.</subfield><subfield code="2">fast</subfield><subfield code="0">(OCoLC)fst01102372</subfield></datafield><datafield ind1=" " ind2="7" tag="650"><subfield code="a">Soviet newspapers.</subfield><subfield code="2">fast</subfield><subfield code="0">(OCoLC)fst01127408</subfield></datafield><datafield ind1=" " ind2="7" tag="651"><subfield code="a">Russia (Federation)</subfield><subfield code="2">fast</subfield><subfield code="0">(OCoLC)fst01262050</subfield></datafield><datafield ind1=" " ind2="7" tag="651"><subfield code="a">Russia (Federation)</subfield><subfield code="z">Moscow.</subfield><subfield code="2">fast</subfield><subfield code="0">(OCoLC)fst01205741</subfield></datafield><datafield ind1=" " ind2="7" tag="651"><subfield code="a">Soviet Union.</subfield><subfield code="2">fast</subfield><subfield code="0">(OCoLC)fst01210281</subfield></datafield><datafield ind1=" " ind2="7" tag="648"><subfield code="a">Since 1900</subfield><subfield code="2">fast</subfield></datafield><datafield ind1=" " ind2="7" tag="655"><subfield code="a">Newspapers.</subfield><subfield code="2">fast</subfield><subfield code="0">(OCoLC)fst01423814</subfield></datafield><datafield ind1="2" ind2=" " tag="710"><subfield code="a">T&#65056;S&#65057;K KPSS.</subfield></datafield><datafield ind1="0" ind2=" " tag="765"><subfield code="t">Pravda (Moscow, Russia)</subfield><subfield code="w">(OCoLC)1762779</subfield></datafield><datafield ind1="1" ind2=" " tag="787"><subfield code="t">Pravda index (Ann Arbor, Mich.)</subfield><subfield code="x">0886-2001</subfield><subfield code="w">(DLC)   87655680</subfield><subfield code="w">(OCoLC)12849980</subfield></datafield><datafield ind1=" " ind2=" " tag="850"><subfield code="a">FU</subfield></datafield></record>